<?xml version="1.0" encoding="UTF-8"?>
<SOAP-ENV:Envelope xmlns:SOAP-ENV="http://schemas.xmlsoap.org/soap/envelope/" xmlns:of="http://oss.dbc.dk/ns/openformat" xmlns:ofo="http://oss.dbc.dk/ns/openformatoutput"><SOAP-ENV:Body><of:formatResponse><marc:record xmlns:marc="http://www.loc.gov/MARC21/slim"><leader>00000njc a22000000c 4500</leader><controlfield tag="001">870970:42159530</controlfield><controlfield tag="003">DKDLA</controlfield><controlfield tag="005">20010128224732.0</controlfield><controlfield tag="007">s|||||||||||||</controlfield><controlfield tag="008">000212s1999    fr |||||||||||||||||   ||</controlfield><datafield ind1="1" ind2=" " tag="100"><subfield code="a">Rameau, Jean-Philippe</subfield></datafield><datafield ind1=" " ind2="0" tag="245"><subfield code="a">Musique de ballet 1979-1999</subfield></datafield><datafield ind1=" " ind2=" " tag="260"><subfield code="b">Erato,</subfield><subfield code="c">p 1999</subfield></datafield><datafield ind1=" " ind2=" " tag="300"><subfield code="a">1 cd</subfield></datafield><datafield ind1="1" ind2=" " tag="700"><subfield code="a">Christie, William</subfield></datafield><datafield ind1="0" ind2=" " tag="710"><subfield code="a">Les Arts Florissants</subfield></datafield></marc:record></of:formatResponse></SOAP-ENV:Body></SOAP-ENV:Envelope>
